<collection xmlns="http://www.loc.gov/MARC21/slim"><record><leader>00566nam  2200181   450</leader><controlfield tag="001">317</controlfield><controlfield tag="003">http://montalegre.opacnet.com/OPAC/default.aspx?ContentAreaControl=ShowRegHoldings.ascx&amp;RegNo=16662</controlfield><datafield tag="095" ind1=" " ind2=" "><subfield code="a">PTBN00235485</subfield></datafield><datafield tag="100" ind1=" " ind2=" "><subfield code="a">20061013d1961    m  y0pory010305  ba</subfield></datafield><datafield tag="101" ind1="1" ind2=" "><subfield code="a">por</subfield><subfield code="c">eng</subfield></datafield><datafield tag="102" ind1=" " ind2=" "><subfield code="a">PT</subfield></datafield><datafield tag="200" ind1="1" ind2=" "><subfield code="a">Mountolive</subfield><subfield code="f">Lawrence Durrell</subfield><subfield code="g">trad. Daniel Gonçalves</subfield></datafield><datafield tag="210" ind1=" " ind2=" "><subfield code="a">Lisboa</subfield><subfield code="c">Ulisseia</subfield><subfield code="d">1961</subfield></datafield><datafield tag="215" ind1=" " ind2=" "><subfield code="a">362, [1] p.</subfield><subfield code="d">18 cm</subfield></datafield><datafield tag="675" ind1=" " ind2=" "><subfield code="a">821</subfield><subfield code="v">bn</subfield><subfield code="z">por</subfield></datafield><datafield tag="700" ind1=" " ind2="1"><subfield code="a">Durrell</subfield><subfield code="b">Lawrence</subfield><subfield code="f">1912-1990</subfield></datafield><datafield tag="702" ind1=" " ind2="1"><subfield code="a">Gonçalves</subfield><subfield code="b">Daniel</subfield><subfield code="f">1921-</subfield><subfield code="4">730</subfield></datafield><datafield tag="801" ind1=" " ind2="0"><subfield code="a">PT</subfield><subfield code="b">Biblioteca Municipal de Montalegre</subfield><subfield code="g">RPC</subfield></datafield><datafield tag="909" ind1="&#9;" ind2=" "><subfield code="a">1</subfield></datafield><datafield tag="966" ind1=" " ind2=" "><subfield code="a">0008127</subfield><subfield code="l">BMM</subfield><subfield code="s">SCG 821 DUR mou</subfield></datafield></record></collection>